<record><leader>00000cas a22000007a 4500</leader><controlfield tag="001">15874289</controlfield><controlfield tag="008">870610d185u1866wiudn ne      0    0ger d</controlfield><datafield ind1=" " ind2=" " tag="010"><subfield code="a">sn 87082646 </subfield></datafield><datafield ind1=" " ind2=" " tag="040"><subfield code="a">NPV</subfield><subfield code="b">eng</subfield><subfield code="c">NPV</subfield><subfield code="d">OCLCQ</subfield></datafield><datafield ind1=" " ind2=" " tag="042"><subfield code="a">msc</subfield></datafield><datafield ind1="0" ind2="4" tag="245"><subfield code="a">Der Ta&#776;gliche Milwaukee See=Bote.</subfield></datafield><datafield ind1="3" ind2="0" tag="246"><subfield code="a">Taegliche Milwaukee Seebote</subfield></datafield><datafield ind1="3" ind2="0" tag="246"><subfield code="a">Ta&#776;glicher Milwaukee See=Bote</subfield></datafield><datafield ind1=" " ind2=" " tag="260"><subfield code="a">Milwaukee, Wis. :</subfield><subfield code="b">P.V. Deuster,</subfield><subfield code="c">-1866.</subfield></datafield><datafield ind1=" " ind2=" " tag="300"><subfield code="a">v.</subfield></datafield><datafield ind1=" " ind2=" " tag="310"><subfield code="a">Daily (except Sunday)</subfield></datafield><datafield ind1="0" ind2=" " tag="362"><subfield code="a">-Jahrg. 15, no. 122 (26. Mai 1866).</subfield></datafield><datafield ind1=" " ind2=" " tag="500"><subfield code="a">Issued also in a tri-weekly edition.</subfield></datafield><datafield ind1=" " ind2=" " tag="500"><subfield code="a">Title varies: Ta&#776;glicher Milwaukee See=Bote, &lt;1862&gt;-1866.</subfield></datafield><datafield ind1=" " ind2=" " tag="580"><subfield code="a">Weekly ed. : Milwaukee See-Bote.</subfield></datafield><datafield ind1=" " ind2=" " tag="588"><subfield code="a">Description based on: Jahrg. 7, no. 309 (2. Jan. 1858).</subfield></datafield><datafield ind1=" " ind2=" " tag="752"><subfield code="a">United States</subfield><subfield code="b">Wisconsin</subfield><subfield code="c">Milwaukee</subfield><subfield code="d">Milwaukee.</subfield></datafield><datafield ind1=" " ind2=" " tag="752"><subfield code="a">United States</subfield><subfield code="b">Wisconsin</subfield><subfield code="c">Washington</subfield><subfield code="d">Milwaukee.</subfield></datafield><datafield ind1="1" ind2=" " tag="775"><subfield code="t">Milwaukee See-Bote (Milwaukee, Wis. : 1857 : Weekly)</subfield><subfield code="w">(DLC)sn 87082459</subfield></datafield><datafield ind1="0" ind2="0" tag="785"><subfield code="t">Milwaukee See=Bote (Milwaukee, Wis. : 1866 : Daily)</subfield><subfield code="w">(DLC)sn 87082647</subfield></datafield></record>